<record><leader>00000cas a22000007a 4500</leader><controlfield tag="001">23675077</controlfield><controlfield tag="008">910502d18281830nyuuu ne      0    0eng d</controlfield><datafield ind1=" " ind2=" " tag="010"><subfield code="a">sn 91066221 </subfield></datafield><datafield ind1=" " ind2=" " tag="040"><subfield code="a">NYS</subfield><subfield code="b">eng</subfield><subfield code="c">NYS</subfield><subfield code="d">OCL</subfield><subfield code="d">OCLCQ</subfield><subfield code="d">OCLCF</subfield><subfield code="d">OCLCO</subfield></datafield><datafield ind1=" " ind2=" " tag="042"><subfield code="a">msc</subfield></datafield><datafield ind1=" " ind2=" " tag="043"><subfield code="a">n-us-ny</subfield></datafield><datafield ind1="0" ind2="4" tag="245"><subfield code="a">The Genius of philanthropy.</subfield></datafield><datafield ind1=" " ind2=" " tag="260"><subfield code="a">Watertown, N.Y. :</subfield><subfield code="b">[s.n.]</subfield></datafield><datafield ind1=" " ind2=" " tag="300"><subfield code="a">v. ;</subfield><subfield code="c">46 cm.</subfield></datafield><datafield ind1="1" ind2=" " tag="362"><subfield code="a">Began in 1828; ceased in 1830.</subfield><subfield code="z">Cf. Emerson, E.C. Our county and its people, 1898.</subfield></datafield><datafield ind1=" " ind2=" " tag="500"><subfield code="a">Publisher: Henry L. Harvey.</subfield></datafield><datafield ind1=" " ind2=" " tag="588"><subfield code="a">Description based on: Vol. 1, no. (Dec. 8, 1829).</subfield></datafield><datafield ind1=" " ind2="0" tag="651"><subfield code="a">Watertown (N.Y.)</subfield><subfield code="v">Newspapers.</subfield></datafield><datafield ind1=" " ind2="0" tag="651"><subfield code="a">Jefferson County (N.Y.)</subfield><subfield code="v">Newspapers.</subfield></datafield><datafield ind1=" " ind2="7" tag="655"><subfield code="a">Newspapers.</subfield><subfield code="2">fast</subfield><subfield code="0">(OCoLC)fst01423814</subfield></datafield><datafield ind1=" " ind2="7" tag="651"><subfield code="a">New York (State)</subfield><subfield code="z">Jefferson County.</subfield><subfield code="2">fast</subfield><subfield code="0">(OCoLC)fst01209430</subfield></datafield><datafield ind1=" " ind2="7" tag="651"><subfield code="a">New York (State)</subfield><subfield code="z">Watertown.</subfield><subfield code="2">fast</subfield><subfield code="0">(OCoLC)fst01221269</subfield></datafield><datafield ind1=" " ind2=" " tag="752"><subfield code="a">United States</subfield><subfield code="b">New York</subfield><subfield code="c">Jefferson</subfield><subfield code="d">Watertown.</subfield></datafield><datafield ind1="0" ind2="7" tag="785"><subfield code="t">Watertown register (Watertown, N.Y. : 1828)</subfield><subfield code="w">(DLC)sn 86053204</subfield><subfield code="w">(OCoLC)13321934</subfield></datafield><datafield ind1="0" ind2="7" tag="785"><subfield code="t">Watertown register and genius of philanthropy</subfield><subfield code="w">(DLC)sn 94057748</subfield><subfield code="w">(OCoLC)30041218</subfield></datafield></record>